@book{krc,
  author    = {Brian W. Kernighan and Dennis Ritchie},
  title     = {The {C} Programming Language, Second Edition},
  publisher = {Prentice-Hall},
  year      = {1988}
}
